<?xml version="1.0" encoding="UTF-8"?><collection xmlns="http://www.loc.gov/MARC21/slim"><record><leader>00322nam--2200133-i-4500</leader><controlfield tag="001">000014220</controlfield><controlfield tag="002">20161230</controlfield><controlfield tag="005">20161230201030</controlfield><controlfield tag="008">060222s1000------------r-----000-0-eng-d</controlfield><datafield ind1=" " ind2=" " tag="100"><subfield code="a">Denbigh, Kenneth G</subfield></datafield><datafield ind1=" " ind2=" " tag="245"><subfield code="a">Three concepts of time</subfield></datafield><datafield ind1=" " ind2=" " tag="260"><subfield code="a">Berlin, Springer-verlag, 1981</subfield></datafield><datafield ind1=" " ind2=" " tag="490"><subfield code="a">Viii+180p</subfield></datafield><datafield ind1=" " ind2=" " tag="852"><subfield code="a">530.11:115</subfield></datafield></record></collection>